% Encoding: windows-1252

@BOOK{McFarland:2009,
  title = {CSS The Missing Manual},
  publisher = {O'Reilly},
  year = {2009},
  author = {D.S. McFarland},
  edition = {2},
  owner = {mjoler},
  timestamp = {2012.06.05}
}

@BOOK{Ullman:2008,
  title = {PHP 6 and MySQL 5},
  publisher = {Peachpit Press},
  year = {2008},
  author = {L. Ullman},
  owner = {mjoler},
  timestamp = {2012.06.05}
}

@ELECTRONIC{jquery,
  organization = {jQuery},
  url = {http://jquery.com},
  owner = {mjoler},
  timestamp = {2012.06.05}
}

@Electronic{latex,
  url          = {http://en.wikibooks.org/wiki/LaTeX/},
  organization = {WikiBooksQEWE:~LaTeX.},
  owner        = {mjoler},
  timestamp    = {2012.06.05},
}

@Electronic{latexDva,
  url          = {http://en.wikibooks.org/wiki/LaTeX/},
  organization = {WikiBooksQEWE:~LaTeX.},
  owner        = {mjoler},
  timestamp    = {2012.06.05},
}

@ELECTRONIC{mysql,
  organization = {MySQL},
  url = {http://www.mysql.com},
  owner = {mjoler},
  timestamp = {2012.06.05}
}

@ELECTRONIC{php,
  organization = {PHP},
  url = {http://www.php.net},
  owner = {mjoler},
  timestamp = {2012.06.05}
}

@WWW{mobilityReport,
  author = {Ericsson},
  title  = {Ericsson Mobility Report},
  year   = {2016},
  url    = {http://www.ericsson.com/res/docs/2016/mobility-report/ericsson-mobility-report-feb-2016-interim.pdf},
}

@Online{foursquare,
  author = {Forsquare},
  url    = {https://foursquare.com/},
}

@WWW{nfc_forum,
  title = {NFC forum},
  url   = {http://nfc-forum.org/},
}

@WWW{nfc_forum,
  title = {NFC forum},
  url   = {http://nfc-forum.org/},
}

@WWW{nfc_forum,
  title = {NFC forum},
  url   = {http://nfc-forum.org/},
}

@WWW{nfc_forum,
  title = {NFC forum},
  url   = {http://nfc-forum.org/},
}

@WWW{whiztags,
  author = {Whiztags},
  url    = {http://www.whiztags.com/products/ntag216-10-pack-with-free-bonus-tag-and-free-nfc-enabled-keychain},
}

@WWW{whiztags,
  author = {Whiztags},
  url    = {http://www.whiztags.com/products/ntag216-10-pack-with-free-bonus-tag-and-free-nfc-enabled-keychain},
}

@WWW{whiztags,
  author = {Whiztags},
  url    = {http://www.whiztags.com/products/ntag216-10-pack-with-free-bonus-tag-and-free-nfc-enabled-keychain},
}

@WWW{whiztags,
  author = {Whiztags},
  url    = {http://www.whiztags.com/products/ntag216-10-pack-with-free-bonus-tag-and-free-nfc-enabled-keychain},
}

@WWW{nat_modul,
  editor = {NXP Products},
  title  = {NTAG216 NFC modul specifikacija},
  url    = {http://www.nxp.com/products/identification-and-security/smart-label-and-tag-ics/ntag/nfc-forum-type-2-tag-compliant-ic-with-144-504-888-bytes-user-memory:NTAG213_215_216},
}

@WWW{nat_modul,
  editor = {NXP Products},
  title  = {NTAG216 NFC modul specifikacija},
  url    = {http://www.nxp.com/products/identification-and-security/smart-label-and-tag-ics/ntag/nfc-forum-type-2-tag-compliant-ic-with-144-504-888-bytes-user-memory:NTAG213_215_216},
}

@WWW{nat_modul,
  editor = {NXP Products},
  title  = {NTAG216 NFC modul specifikacija},
  url    = {http://www.nxp.com/products/identification-and-security/smart-label-and-tag-ics/ntag/nfc-forum-type-2-tag-compliant-ic-with-144-504-888-bytes-user-memory:NTAG213_215_216},
}

@WWW{nat_modul,
  editor = {NXP Products},
  title  = {NTAG216 NFC modul specifikacija},
  url    = {http://www.nxp.com/products/identification-and-security/smart-label-and-tag-ics/ntag/nfc-forum-type-2-tag-compliant-ic-with-144-504-888-bytes-user-memory:NTAG213_215_216},
}

@Article{nfc_techonology,
  author = {Rohde \& Schwarz},
  title  = {Near Field Communication (NFC) Technology and Measurements},
  year   = {2013.},
  date   = {2013-03-06},
}

@Article{nfc_techonology,
  author = {Rohde \& Schwarz},
  title  = {Near Field Communication (NFC) Technology and Measurements},
  year   = {2013.},
  date   = {2013-03-06},
}

@Article{nfc_techonology,
  author = {Rohde \& Schwarz},
  title  = {Near Field Communication (NFC) Technology and Measurements},
  year   = {2013.},
  date   = {2013-03-06},
}

@Article{nfc_techonology,
  author = {Rohde \& Schwarz},
  title  = {Near Field Communication (NFC) Technology and Measurements},
  year   = {2013.},
  date   = {2013-03-06},
}

@WWW{nfc_types,
  author = {Nearfieldcommunication.org},
  title  = {NFC Signaling Technologies},
  url    = {http://www.nearfieldcommunication.org/nfc-signaling.html},
}

@WWW{nfc_types,
  author = {Nearfieldcommunication.org},
  title  = {NFC Signaling Technologies},
  url    = {http://www.nearfieldcommunication.org/nfc-signaling.html},
}

@WWW{nfc_types,
  author = {Nearfieldcommunication.org},
  title  = {NFC Signaling Technologies},
  url    = {http://www.nearfieldcommunication.org/nfc-signaling.html},
}

@WWW{nfc_types,
  author = {Nearfieldcommunication.org},
  title  = {NFC Signaling Technologies},
  url    = {http://www.nearfieldcommunication.org/nfc-signaling.html},
}

@WWW{nfc_pasivni,
  author = {NFC forum},
  title  = {Tag Type Technical Specifications},
  url    = {http://nfc-forum.org/our-work/specifications-and-application-documents/specifications/tag-type-technical-specifications/},
}

@WWW{nfc_pasivni,
  author = {NFC forum},
  title  = {Tag Type Technical Specifications},
  url    = {http://nfc-forum.org/our-work/specifications-and-application-documents/specifications/tag-type-technical-specifications/},
}

@WWW{nfc_pasivni,
  author = {NFC forum},
  title  = {Tag Type Technical Specifications},
  url    = {http://nfc-forum.org/our-work/specifications-and-application-documents/specifications/tag-type-technical-specifications/},
}

@WWW{nfc_pasivni,
  author = {NFC forum},
  title  = {Tag Type Technical Specifications},
  url    = {http://nfc-forum.org/our-work/specifications-and-application-documents/specifications/tag-type-technical-specifications/},
}

@WWW{nfc_arhitektura,
  author = {Nearfieldcommunication.org},
  title  = {Near Field Communication Technology Standards},
  url    = {http://www.nearfieldcommunication.org/technology.html},
}

@WWW{nfc_arhitektura,
  author = {Nearfieldcommunication.org},
  title  = {Near Field Communication Technology Standards},
  url    = {http://www.nearfieldcommunication.org/technology.html},
}

@WWW{nfc_arhitektura,
  author = {Nearfieldcommunication.org},
  title  = {Near Field Communication Technology Standards},
  url    = {http://www.nearfieldcommunication.org/technology.html},
}

@WWW{nfc_arhitektura,
  author = {Nearfieldcommunication.org},
  title  = {Near Field Communication Technology Standards},
  url    = {http://www.nearfieldcommunication.org/technology.html},
}

@Comment{jabref-meta: databaseType:biblatex;}
